@inproceedings{takanen2009fuzzing,
  title={Fuzzing: the Past, the Present and the Future},
  author={Takanen, Ari},
  booktitle={Actes du 7{\`e}me symposium sur la s{\'e}curit{\'e} des technologies de l'information et des communications (SSTIC)},
  pages={202--212},
  year={2009}
}

@inproceedings{bohme2017directed,
  title={Directed greybox fuzzing},
  author={B{\"o}hme, Marcel and Pham, Van-Thuan and Nguyen, Manh-Dung and Roychoudhury, Abhik},
  booktitle={Proceedings of the 2017 ACM SIGSAC Conference on Computer and Communications Security (CCSâ€™17)},
  year={2017}
}

@inproceedings{bohme2016coverage,
  title={Coverage-based greybox fuzzing as markov chain},
  author={B{\"o}hme, Marcel and Pham, Van-Thuan and Roychoudhury, Abhik},
  booktitle={Proceedings of the 2016 ACM SIGSAC Conference on Computer and Communications Security},
  pages={1032--1043},
  year={2016},
  organization={ACM}
}

@article{gutmannfuzzing,
  title={Fuzzing Code with AFL},
  author={Gutmann, Peter}
}

@article{ernst2001dynamically,
  title={Dynamically discovering likely program invariants to support program evolution},
  author={Ernst, Michael D and Cockrell, Jake and Griswold, William G and Notkin, David},
  journal={IEEE Transactions on Software Engineering},
  volume={27},
  number={2},
  pages={99--123},
  year={2001},
  publisher={IEEE}
}

@inproceedings{serebryany2016continuous,
  title={Continuous Fuzzing with libFuzzer and AddressSanitizer},
  author={Serebryany, Kosta},
  booktitle={Cybersecurity Development (SecDev), IEEE},
  pages={157--157},
  year={2016},
  organization={IEEE}
}

@inproceedings{cadar2008klee,
  title={KLEE: Unassisted and Automatic Generation of High-Coverage Tests for Complex Systems Programs.},
  author={Cadar, Cristian and Dunbar, Daniel and Engler, Dawson R and others},
  booktitle={OSDI},
  volume={8},
  pages={209--224},
  year={2008}
}

@inproceedings{marinescu2013katch,
  title={KATCH: high-coverage testing of software patches},
  author={Marinescu, Paul Dan and Cadar, Cristian},
  booktitle={Proceedings of the 2013 9th Joint Meeting on Foundations of Software Engineering},
  pages={235--245},
  year={2013},
  organization={ACM}
}

@inproceedings{spafford1989worm,
  title={The Internet Worm Program: Analysis},
  author={E. Spafford.},
  booktitle={Computer Communication Review},
  year={1989},
}

@inproceedings{cowan989stack,
  title={StackGuard: Automatic Adaptive Detection and Prevention of Buffer-Overflow Attacks},
  author={C. Cowan, C. Pu, D. Maier, J. Walpole, P. Bakke, S. Beattie,
A. Grier, P. Wagle, Q. Zhang, and H. Hinton.},
  booktitle={In Proceedings of the 7th USENIX
Security Symposium},
  year={1998},
}

@inproceedings{hangal2002tracking,
  title={Tracking down software bugs using automatic anomaly detection},
  author={Hangal, Sudheendra and Lam, Monica S},
  booktitle={Proceedings of the 24th international conference on Software engineering},
  pages={291--301},
  year={2002},
  organization={ACM}
}

@inproceedings{fgaddress,
  title={https://github.com/fuzzstati0n/fuzzgoat},
}